% Encoding: UTF-8

@online{typescript,
  author = {TypeScript Team},
  title = {TypeScript Documentation},
  year = {2025},
  url = {https://www.typescriptlang.org/docs/},
  note = {Zugriff am 6. März 2025}
}

@online{supabase,
  author = {Supabase Team},
  title = {Supabase Documentation},
  year = {2025},
  url = {https://supabase.com/docs/},
  note = {Zugriff am 6. März 2025}
}

@online{angular,
  author = {Angular Team},
  title = {Angular Documentation Overview},
  year = {2025},
  url = {https://angular.dev/overview/},
  note = {Zugriff am 6. März 2025}
}

@online{nodejs,
  author = {Node.js Team},
  title = {Node.js Learning},
  year = {2025},
  url = {https://nodejs.org/en/learn/getting-started/introduction-to-nodejs},
  note = {Zugriff am 6. März 2025}
}

@online{npm,
  author = {npm Team},
  title = {npm},
  year = {2025},
  url = {https://nodejs.org/en/learn/getting-started/introduction-to-nodejs},
  note = {Zugriff am 6. März 2025}
}

@online{react,
  author    = {React Team},
  title     = {React Documentation – Learn React},
  year      = {2025},
  url       = {https://react.dev/learn},
  note      = {Zugriff am 6. März 2025}
}

@online{webcomponents,
  author    = {MDN Web Docs},
  title     = {Web Components – APIs für benutzerdefinierte Elemente},
  year      = {2025},
  url       = {https://developer.mozilla.org/de/docs/Web/API/Web_components},
  note      = {Zugriff am 6. März 2025}
}

@online{jquery_api,
  author    = {jQuery Team},
  title     = {jQuery API Documentation},
  year      = {2025},
  url       = {https://api.jquery.com},
  note      = {Zugriff am 6. März 2025}
}

@online{git_branching_and_merging,
  author    = {git Team},
  title     = {git about},
  year      = {2025},
  url       = {https://git-scm.com/about/branching-and-merging},
  note      = {Zugriff am 6. März 2025}
}

@online{git_intro,
  author    = {git Team},
  title     = {git getting started},
  year      = {2025},
  url       = {https://git-scm.com/book/en/v2/Getting-Started-What-is-Git%3F},
  note      = {Zugriff am 6. März 2025}
}

@online{sourcetree,
  author = {Atlassian Team},
  title = {Sourcetree - A free Git client for Windows and Mac},
  year = {2025},
  url = {https://www.sourcetreeapp.com/},
  note = {Zugriff am 6. März 2025}
}

@online{VS-Code,
  author = {VS-Code-Team},
  title = {Tutorial, Get started with Visual Studio Code},
  year = {2025},
  url = {https://code.visualstudio.com/docs/getstarted/getting-started},
  note = {Zugriff am 6. März 2025}
}

@misc{statista2024,
  author    = {Statista},
  title     = {Most used web frameworks among developers worldwide},
  year      = {2024},
  url       = {https://www.statista.com/statistics/1124699/worldwide-developer-survey-most-used-frameworks-web/},
  note      = {Zugriff am 12. März 2025}

}

@book{JS_Framework_Comparison_React_Vue_Angular_Svelte,
  author    = {Mattias Levlin},
  title     = {JS Framework Comparison: React, Vue, Angular, Svelte},
  year      = {2024},
  publisher = {Åbo Akademi University},
  pages     = {44,61},
  note 		= {Zugriff am 12. März 2025}
}

@article{spa_frameworks2024,
  author    = {International Journal for Research in Applied Science & Engineering Technology (IJRASET)},
  title     = {Comparative Analysis on Front-End Frameworks for Web Applications},
  journal   = {IJRASET},
  volume    = {10},
  year      = {2022},
  pages     = {7},
  url       = {https://www.ijraset.com/},
  note 		= {Zugriff am 12. März 2025}
}

@Article{Research2024,
  author = {Cold Science Research},
  title  = {Comparative Analysis of Component-Based Architectures in Web Design for Scalable Applications},
  note   = {Zugriff am 12. März 2025},
  pages  = {29},
  url    = {https://coldscience.ru},
  volume = {8},
  year   = {2024},
}

@article{framework_comparison,
  author    = {Mattias Levlin},
  title     = {JavaScript Framework Comparison: React, Vue, Angular, Svelte},
  journal   = {Åbo Akademi University},
  year      = {2024},
  pages     = {45},
  note      = {Zugriff am 12. März 2025}
}

@article{frontend_frameworks_comparison,
  author    = {Gursheen Kaur and Raj Gaurang Tiwari},
  title     = {Comparison and Analysis of Popular Frontend Frameworks and Libraries: An Evaluation of Parameters for Frontend Web Development},
  journal   = {IEEE Xplore},
  year      = {2023},
  pages     = {XY},
  note      = {Zugriff am 12. März 2025}
}

@Comment{jabref-meta: databaseType:biblatex;}
